
@book{gerson2020,
	title = {The science and art of interviewing},
	author = {Gerson, Kathleen and Damaske, Sarah},
	year = {2020},
	date = {2020},
	publisher = {Oxford University Press},
	address = {New York}
}

@book{byrne2002,
	title = {Interpreting quantitative data},
	author = {Byrne, D. S.},
	year = {2002},
	date = {2002},
	publisher = {SAGE},
	note = {OCLC: ocm48110253},
	address = {London ; Thousand Oaks, Calif}
}
