
@article{Thompson2019-10-16HelloHelloWorld,
	title = {Hello, {\textquotedblleft}Hello, World{\textquotedblright}},
	author = {Thompson, Clive},
	year = {2019},
	month = {10},
	date = {2019-10-16},
	journal = {Slate},
	url = {https://slate.com/technology/2019/10/hello-world-history-programming.html},
	langid = {canadian}
}

@book{BoschEtAl2022YouAreNot,
	title = {You are not expected to understand this: how 26 lines of code changed the world},
	editor = {Bosch, Torie and Chudler, Kelly S. and Ullman, Ellen},
	year = {2022},
	date = {2022},
	publisher = {Princeton University Press},
	edition = {First edition},
	address = {Princeton Oxford},
	langid = {eng}
}
