
@book{wilkinson2010,
	title = {The spirit level: why greater equality makes societies stronger},
	author = {Wilkinson, Richard G. and Pickett, Kate},
	year = {2010},
	date = {2010},
	publisher = {Bloomsbury Press},
	note = {OCLC: ocn401149670},
	address = {New York}
}

@article{wu2021,
	title = {Education and Social Trust in Global Perspective},
	author = {Wu, Cary},
	year = {2021},
	month = {12},
	date = {2021-12-01},
	journal = {Sociological Perspectives},
	pages = {1166--1186},
	volume = {64},
	number = {6},
	doi = {10.1177/0731121421990045},
	url = {https://doi.org/10.1177/0731121421990045},
	note = {Publisher: SAGE Publications Inc},
	langid = {en}
}

@article{Akaeda2023TrustEducationalGap,
	title = {Trust and the educational gap in the demand for redistribution: Evidence from the World Values Survey and the European Value Study},
	author = {Akaeda, Naoki},
	year = {2023},
	date = {2023},
	journal = {International Sociology},
	pages = {290--310},
	volume = {38},
	number = {3},
	doi = {10.1177/02685809231167834},
	url = {https://doi.org/10.1177/02685809231167834},
	note = {Publisher: SAGE Publications Ltd},
	langid = {en}
}

@book{GelmanEtAl2020RegressionOtherStories,
	title = {Regression and other stories},
	author = {Gelman, Andrew and Hill, Jennifer and Vehtari, Aki},
	year = {2020},
	date = {2020},
	publisher = {Cambridge University Press},
	url = {https://doi.org/10.1017/9781139161879},
	note = {OCLC: 1231560693},
	address = {Cambridge},
	langid = {No Linguistic Content}
}
