
@book{WilkinsonPickett2010SpiritLevelWhy,
  title = {The Spirit Level: Why Greater Equality Makes Societies Stronger},
  shorttitle = {The Spirit Level},
  author = {Wilkinson, Richard G. and Pickett, Kate},
  year = {2010},
  publisher = {{Bloomsbury Press}},
  address = {{New York}},
  abstract = {This eye-opening UK bestseller shows how one single factor--the gap between its richest and poorest members--can determine the health and well-being of a society. The authors also outline a new political outlook in which a shift from self-interested consumerism to a friendlier, more sustainable society is paramount},
  isbn = {978-1-60819-036-2},
  lccn = {HM821 .W55 2010},
  annotation = {OCLC: ocn401149670},
  file = {D:\OneDrive - Newcastle University\ZOTERO attachments\Wilkinson, Pickett (2010) The spirit level - why greater equality makes societies stronger.pdf}
}

